OrderDate,ProductID,ProductName,Quantity,Unit Price,Total Sales,Unit Cost,Total Cost,Profit,CustomerID,SalesRep,Year,Month,,Number,Question,,,,,,
1/23/13 10:41 AM,2,Black olives,98, $12.00 ," $1,176.00 ", $6.00 , $588.00 , $588.00 ,23,Roberta Cross,2013,1,,1,Who is the best sales representative’s best customer of Parmesan Cheese (by total sales)? ,,,,,,
1/7/13 7:20 AM,2,Black olives,79, $12.00 , $948.00 , $6.00 , $474.00 , $474.00 ,572,Loraine Schultz,2013,1,,2,What is the average Total Sales of each product?,,,,,,
2/12/13 1:28 PM,2,Black olives,4, $12.00 , $48.00 , $6.00 , $24.00 , $24.00 ,6,Loraine Schultz,2013,2,,3,What is the average Total Cost of each product?,,,,,,
2/26/13 5:10 PM,2,Black olives,16, $12.00 , $192.00 , $6.00 , $96.00 , $96.00 ,95,Loraine Schultz,2013,2,,4,What is the average Total Profit of each product?,,,,,,
3/7/13 10:22 PM,2,Black olives,73, $12.00 , $876.00 , $6.00 , $438.00 , $438.00 ,14,Roberta Cross,2013,3,,5,Which product had the most orders?,,,,,,
3/4/13 1:34 PM,2,Black olives,32, $12.00 , $384.00 , $6.00 , $192.00 , $192.00 ,686,Roberta Cross,2013,3,,,,,,,,,
4/9/13 2:55 PM,2,Black olives,89, $12.00 ," $1,068.00 ", $6.00 , $534.00 , $534.00 ,557,Loraine Schultz,2013,4,,,,,,,,,
4/9/13 4:55 PM,2,Black olives,77, $12.00 , $924.00 , $6.00 , $462.00 , $462.00 ,846,Loraine Schultz,2013,4,,,,,,,,,
5/6/13 2:28 AM,2,Black olives,63, $12.00 , $756.00 , $6.00 , $378.00 , $378.00 ,23,Loraine Schultz,2013,5,,,,,,,,,
7/6/13 11:07 AM,2,Black olives,96, $12.00 ," $1,152.00 ", $6.00 , $576.00 , $576.00 ,14,Roberta Cross,2013,7,,,,,,,,,
7/11/13 10:07 PM,2,Black olives,57, $12.00 , $684.00 , $6.00 , $342.00 , $342.00 ,95,Loraine Schultz,2013,7,,,,,,,,,
8/6/13 2:01 PM,2,Black olives,21, $12.00 , $252.00 , $6.00 , $126.00 , $126.00 ,6,Roberta Cross,2013,8,,,,,,,,,
8/19/13 12:01 AM,2,Black olives,97, $12.00 ," $1,164.00 ", $6.00 , $582.00 , $582.00 ,6,Loraine Schultz,2013,8,,,,,,,,,
8/13/13 1:03 AM,2,Black olives,22, $12.00 , $264.00 , $6.00 , $132.00 , $132.00 ,233,Loraine Schultz,2013,8,,,,,,,,,
9/10/13 4:27 PM,2,Black olives,90, $12.00 ," $1,080.00 ", $6.00 , $540.00 , $540.00 ,572,Loraine Schultz,2013,9,,,,,,,,,
9/19/13 9:47 AM,2,Black olives,82, $12.00 , $984.00 , $6.00 , $492.00 , $492.00 ,572,Loraine Schultz,2013,9,,,,,,,,,
10/30/13 5:21 AM,2,Black olives,38, $12.00 , $456.00 , $6.00 , $228.00 , $228.00 ,23,Loraine Schultz,2013,10,,,,,,,,,
10/14/13 3:09 AM,2,Black olives,72, $12.00 , $864.00 , $6.00 , $432.00 , $432.00 ,686,Roberta Cross,2013,10,,,,,,,,,
11/15/13 9:50 AM,2,Black olives,32, $12.00 , $384.00 , $6.00 , $192.00 , $192.00 ,6,Roberta Cross,2013,11,,,,,,,,,
11/7/13 5:12 PM,2,Black olives,95, $12.00 ," $1,140.00 ", $6.00 , $570.00 , $570.00 ,572,Loraine Schultz,2013,11,,,,,,,,,
12/21/13 8:18 PM,2,Black olives,92, $12.00 ," $1,104.00 ", $6.00 , $552.00 , $552.00 ,6,Roberta Cross,2013,12,,,,,,,,,
12/28/13 4:23 PM,2,Black olives,9, $12.00 , $108.00 , $6.00 , $54.00 , $54.00 ,14,Loraine Schultz,2013,12,,,,,,,,,
12/31/13 11:30 AM,2,Black olives,42, $12.00 , $504.00 , $6.00 , $252.00 , $252.00 ,14,Roberta Cross,2013,12,,,,,,,,,
1/2/14 12:00 AM,2,Black olives,5, $12.00 , $60.00 , $6.00 , $30.00 , $30.00 ,14,Loraine Schultz,2014,1,,,,,,,,,
1/14/14 12:00 AM,2,Black olives,5, $12.00 , $60.00 , $6.00 , $30.00 , $30.00 ,14,Loraine Schultz,2014,1,,,,,,,,,
1/18/14 12:00 AM,2,Black olives,5, $12.00 , $60.00 , $6.00 , $30.00 , $30.00 ,14,Loraine Schultz,2014,1,,,,,,,,,
1/1/14 12:22 PM,2,Black olives,50, $12.00 , $600.00 , $6.00 , $300.00 , $300.00 ,686,Loraine Schultz,2014,1,,,,,,,,,
1/13/14 12:00 AM,2,Black olives,50, $12.00 , $600.00 , $6.00 , $300.00 , $300.00 ,686,Loraine Schultz,2014,1,,,,,,,,,
1/17/14 12:00 AM,2,Black olives,50, $12.00 , $600.00 , $6.00 , $300.00 , $300.00 ,686,Loraine Schultz,2014,1,,,,,,,,,
2/15/13 11:15 PM,19,Chicken,41, $36.00 ," $1,476.00 ", $25.00 ," $1,025.00 ", $451.00 ,14,Roberta Cross,2013,2,,,,,,,,,
2/19/13 10:19 PM,19,Chicken,50, $36.00 ," $1,800.00 ", $25.00 ," $1,250.00 ", $550.00 ,14,Roberta Cross,2013,2,,,,,,,,,
2/24/13 4:58 PM,19,Chicken,55, $36.00 ," $1,980.00 ", $25.00 ," $1,375.00 ", $605.00 ,14,Loraine Schultz,2013,2,,,,,,,,,
3/3/13 7:08 PM,19,Chicken,64, $36.00 ," $2,304.00 ", $25.00 ," $1,600.00 ", $704.00 ,6,Roberta Cross,2013,3,,,,,,,,,
3/22/13 12:41 AM,19,Chicken,1, $36.00 , $36.00 , $25.00 , $25.00 , $11.00 ,14,Loraine Schultz,2013,3,,,,,,,,,
3/5/13 6:09 AM,19,Chicken,83, $36.00 ," $2,988.00 ", $25.00 ," $2,075.00 ", $913.00 ,23,Loraine Schultz,2013,3,,,,,,,,,
3/7/13 5:54 AM,19,Chicken,25, $36.00 , $900.00 , $25.00 , $625.00 , $275.00 ,572,Loraine Schultz,2013,3,,,,,,,,,
4/11/13 7:08 AM,19,Chicken,59, $36.00 ," $2,124.00 ", $25.00 ," $1,475.00 ", $649.00 ,6,Loraine Schultz,2013,4,,,,,,,,,
4/14/13 11:22 PM,19,Chicken,43, $36.00 ," $1,548.00 ", $25.00 ," $1,075.00 ", $473.00 ,315,Loraine Schultz,2013,4,,,,,,,,,
4/12/13 1:31 AM,19,Chicken,2, $36.00 , $72.00 , $25.00 , $50.00 , $22.00 ,686,Roberta Cross,2013,4,,,,,,,,,
5/7/13 1:23 PM,19,Chicken,84, $36.00 ," $3,024.00 ", $25.00 ," $2,100.00 ", $924.00 ,23,Loraine Schultz,2013,5,,,,,,,,,
5/14/13 10:48 PM,19,Chicken,34, $36.00 ," $1,224.00 ", $25.00 , $850.00 , $374.00 ,95,Loraine Schultz,2013,5,,,,,,,,,
5/22/13 3:01 AM,19,Chicken,93, $36.00 ," $3,348.00 ", $25.00 ," $2,325.00 "," $1,023.00 ",95,Loraine Schultz,2013,5,,,,,,,,,
6/14/13 2:17 AM,19,Chicken,19, $36.00 , $684.00 , $25.00 , $475.00 , $209.00 ,6,Loraine Schultz,2013,6,,,,,,,,,
7/8/13 3:39 AM,19,Chicken,94, $36.00 ," $3,384.00 ", $25.00 ," $2,350.00 "," $1,034.00 ",6,Roberta Cross,2013,7,,,,,,,,,
7/24/13 6:46 PM,19,Chicken,82, $36.00 ," $2,952.00 ", $25.00 ," $2,050.00 ", $902.00 ,686,Loraine Schultz,2013,7,,,,,,,,,
8/20/13 3:33 PM,19,Chicken,60, $36.00 ," $2,160.00 ", $25.00 ," $1,500.00 ", $660.00 ,557,Loraine Schultz,2013,8,,,,,,,,,
8/19/13 11:23 AM,19,Chicken,8, $36.00 , $288.00 , $25.00 , $200.00 , $88.00 ,846,Loraine Schultz,2013,8,,,,,,,,,
9/13/13 9:49 PM,19,Chicken,56, $36.00 ," $2,016.00 ", $25.00 ," $1,400.00 ", $616.00 ,846,Loraine Schultz,2013,9,,,,,,,,,
10/22/13 1:24 AM,19,Chicken,49, $36.00 ," $1,764.00 ", $25.00 ," $1,225.00 ", $539.00 ,14,Loraine Schultz,2013,10,,,,,,,,,
11/1/13 12:09 PM,19,Chicken,64, $36.00 ," $2,304.00 ", $25.00 ," $1,600.00 ", $704.00 ,6,Loraine Schultz,2013,11,,,,,,,,,
11/30/13 2:35 AM,19,Chicken,51, $36.00 ," $1,836.00 ", $25.00 ," $1,275.00 ", $561.00 ,6,Roberta Cross,2013,11,,,,,,,,,
11/20/13 1:25 PM,19,Chicken,15, $36.00 , $540.00 , $25.00 , $375.00 , $165.00 ,23,Roberta Cross,2013,11,,,,,,,,,
11/28/13 6:47 PM,19,Chicken,6, $36.00 , $216.00 , $25.00 , $150.00 , $66.00 ,686,Roberta Cross,2013,11,,,,,,,,,
12/15/13 7:08 PM,19,Chicken,31, $36.00 ," $1,116.00 ", $25.00 , $775.00 , $341.00 ,572,Loraine Schultz,2013,12,,,,,,,,,
1/21/13 1:34 PM,22,Mozzarella cheese,10, $24.00 , $240.00 , $18.00 , $180.00 , $60.00 ,95,PJ Helgoth,2013,1,,,,,,,,,
1/4/13 12:00 AM,22,Mozzarella cheese,41, $24.00 , $984.00 , $18.00 , $738.00 , $246.00 ,315,PJ Helgoth,2013,1,,,,,,,,,
1/24/13 8:54 PM,22,Mozzarella cheese,45, $24.00 ," $1,080.00 ", $18.00 , $810.00 , $270.00 ,557,Loraine Schultz,2013,1,,,,,,,,,
1/28/13 8:58 PM,22,Mozzarella cheese,12, $24.00 , $288.00 , $18.00 , $216.00 , $72.00 ,846,PJ Helgoth,2013,1,,,,,,,,,
2/5/13 1:44 PM,22,Mozzarella cheese,22, $24.00 , $528.00 , $18.00 , $396.00 , $132.00 ,846,PJ Helgoth,2013,2,,,,,,,,,
3/4/13 9:45 AM,22,Mozzarella cheese,92, $24.00 ," $2,208.00 ", $18.00 ," $1,656.00 ", $552.00 ,6,Roberta Cross,2013,3,,,,,,,,,
4/22/13 7:53 AM,22,Mozzarella cheese,14, $24.00 , $336.00 , $18.00 , $252.00 , $84.00 ,6,Loraine Schultz,2013,4,,,,,,,,,
4/13/13 7:37 AM,22,Mozzarella cheese,11, $24.00 , $264.00 , $18.00 , $198.00 , $66.00 ,23,Loraine Schultz,2013,4,,,,,,,,,
4/16/13 10:36 AM,22,Mozzarella cheese,78, $24.00 ," $1,872.00 ", $18.00 ," $1,404.00 ", $468.00 ,572,PJ Helgoth,2013,4,,,,,,,,,
4/4/13 2:48 PM,22,Mozzarella cheese,86, $24.00 ," $2,064.00 ", $18.00 ," $1,548.00 ", $516.00 ,686,Roberta Cross,2013,4,,,,,,,,,
4/18/13 6:06 AM,22,Mozzarella cheese,60, $24.00 ," $1,440.00 ", $18.00 ," $1,080.00 ", $360.00 ,846,Loraine Schultz,2013,4,,,,,,,,,
5/19/13 7:11 PM,22,Mozzarella cheese,35, $24.00 , $840.00 , $18.00 , $630.00 , $210.00 ,6,Roberta Cross,2013,5,,,,,,,,,
5/8/13 3:52 AM,22,Mozzarella cheese,69, $24.00 ," $1,656.00 ", $18.00 ," $1,242.00 ", $414.00 ,557,Loraine Schultz,2013,5,,,,,,,,,
6/8/13 7:22 AM,22,Mozzarella cheese,76, $24.00 ," $1,824.00 ", $18.00 ," $1,368.00 ", $456.00 ,14,Roberta Cross,2013,6,,,,,,,,,
6/21/13 10:32 AM,22,Mozzarella cheese,4, $24.00 , $96.00 , $18.00 , $72.00 , $24.00 ,23,Roberta Cross,2013,6,,,,,,,,,
6/15/13 10:33 AM,22,Mozzarella cheese,74, $24.00 ," $1,776.00 ", $18.00 ," $1,332.00 ", $444.00 ,95,PJ Helgoth,2013,6,,,,,,,,,
7/2/13 3:50 AM,22,Mozzarella cheese,31, $24.00 , $744.00 , $18.00 , $558.00 , $186.00 ,572,PJ Helgoth,2013,7,,,,,,,,,
7/30/13 8:46 AM,22,Mozzarella cheese,60, $24.00 ," $1,440.00 ", $18.00 ," $1,080.00 ", $360.00 ,572,Loraine Schultz,2013,7,,,,,,,,,
8/1/13 6:52 AM,22,Mozzarella cheese,27, $24.00 , $648.00 , $18.00 , $486.00 , $162.00 ,6,Loraine Schultz,2013,8,,,,,,,,,
9/6/13 8:54 AM,22,Mozzarella cheese,92, $24.00 ," $2,208.00 ", $18.00 ," $1,656.00 ", $552.00 ,6,Loraine Schultz,2013,9,,,,,,,,,
9/8/13 5:06 PM,22,Mozzarella cheese,17, $24.00 , $408.00 , $18.00 , $306.00 , $102.00 ,6,Loraine Schultz,2013,9,,,,,,,,,
9/5/13 8:50 AM,22,Mozzarella cheese,79, $24.00 ," $1,896.00 ", $18.00 ," $1,422.00 ", $474.00 ,572,Loraine Schultz,2013,9,,,,,,,,,
9/20/13 12:06 PM,22,Mozzarella cheese,49, $24.00 ," $1,176.00 ", $18.00 , $882.00 , $294.00 ,572,Loraine Schultz,2013,9,,,,,,,,,
10/24/13 12:09 AM,22,Mozzarella cheese,48, $24.00 ," $1,152.00 ", $18.00 , $864.00 , $288.00 ,14,Loraine Schultz,2013,10,,,,,,,,,
10/5/13 6:56 AM,22,Mozzarella cheese,36, $24.00 , $864.00 , $18.00 , $648.00 , $216.00 ,95,PJ Helgoth,2013,10,,,,,,,,,
10/24/13 2:32 AM,22,Mozzarella cheese,97, $24.00 ," $2,328.00 ", $18.00 ," $1,746.00 ", $582.00 ,572,Loraine Schultz,2013,10,,,,,,,,,
10/20/13 12:27 AM,22,Mozzarella cheese,27, $24.00 , $648.00 , $18.00 , $486.00 , $162.00 ,686,Loraine Schultz,2013,10,,,,,,,,,
11/13/13 3:50 PM,22,Mozzarella cheese,72, $24.00 ," $1,728.00 ", $18.00 ," $1,296.00 ", $432.00 ,6,Roberta Cross,2013,11,,,,,,,,,
11/10/13 11:34 PM,22,Mozzarella cheese,82, $24.00 ," $1,968.00 ", $18.00 ," $1,476.00 ", $492.00 ,14,Roberta Cross,2013,11,,,,,,,,,
11/22/13 10:56 AM,22,Mozzarella cheese,9, $24.00 , $216.00 , $18.00 , $162.00 , $54.00 ,557,PJ Helgoth,2013,11,,,,,,,,,
12/2/13 6:47 AM,22,Mozzarella cheese,92, $24.00 ," $2,208.00 ", $18.00 ," $1,656.00 ", $552.00 ,14,Roberta Cross,2013,12,,,,,,,,,
12/16/13 4:52 PM,22,Mozzarella cheese,66, $24.00 ," $1,584.00 ", $18.00 ," $1,188.00 ", $396.00 ,95,Loraine Schultz,2013,12,,,,,,,,,
12/3/13 11:59 AM,22,Mozzarella cheese,63, $24.00 ," $1,512.00 ", $18.00 ," $1,134.00 ", $378.00 ,686,Loraine Schultz,2013,12,,,,,,,,,
1/15/13 7:31 PM,100,Parmesan cheese,14, $8.00 , $112.00 , $4.00 , $56.00 , $56.00 ,14,Loraine Schultz,2013,1,,,,,,,,,
1/16/13 1:09 PM,100,Parmesan cheese,72, $8.00 , $576.00 , $4.00 , $288.00 , $288.00 ,95,Roberta Cross,2013,1,,,,,,,,,
1/18/13 12:12 AM,100,Parmesan cheese,10, $8.00 , $80.00 , $4.00 , $40.00 , $40.00 ,95,Loraine Schultz,2013,1,,,,,,,,,
1/31/13 11:14 AM,100,Parmesan cheese,38, $8.00 , $304.00 , $4.00 , $152.00 , $152.00 ,95,PJ Helgoth,2013,1,,,,,,,,,
1/27/13 10:35 PM,100,Parmesan cheese,66, $8.00 , $528.00 , $4.00 , $264.00 , $264.00 ,572,Loraine Schultz,2013,1,,,,,,,,,
2/9/13 12:48 AM,100,Parmesan cheese,14, $8.00 , $112.00 , $4.00 , $56.00 , $56.00 ,95,Loraine Schultz,2013,2,,,,,,,,,
2/11/13 2:09 PM,100,Parmesan cheese,38, $8.00 , $304.00 , $4.00 , $152.00 , $152.00 ,95,PJ Helgoth,2013,2,,,,,,,,,
3/15/13 8:34 AM,100,Parmesan cheese,39, $8.00 , $312.00 , $4.00 , $156.00 , $156.00 ,95,Loraine Schultz,2013,3,,,,,,,,,
3/27/13 2:28 AM,100,Parmesan cheese,95, $8.00 , $760.00 , $4.00 , $380.00 , $380.00 ,557,Roberta Cross,2013,3,,,,,,,,,
3/2/13 11:04 PM,100,Parmesan cheese,19, $8.00 , $152.00 , $4.00 , $76.00 , $76.00 ,686,Loraine Schultz,2013,3,,,,,,,,,
4/19/13 6:43 PM,100,Parmesan cheese,27, $8.00 , $216.00 , $4.00 , $108.00 , $108.00 ,6,Loraine Schultz,2013,4,,,,,,,,,
4/9/13 8:22 PM,100,Parmesan cheese,16, $8.00 , $128.00 , $4.00 , $64.00 , $64.00 ,14,Loraine Schultz,2013,4,,,,,,,,,
4/20/13 8:41 PM,100,Parmesan cheese,34, $8.00 , $272.00 , $4.00 , $136.00 , $136.00 ,14,Roberta Cross,2013,4,,,,,,,,,
4/24/13 1:04 PM,100,Parmesan cheese,89, $8.00 , $712.00 , $4.00 , $356.00 , $356.00 ,23,Roberta Cross,2013,4,,,,,,,,,
4/1/13 3:47 PM,100,Parmesan cheese,95, $8.00 , $760.00 , $4.00 , $380.00 , $380.00 ,95,PJ Helgoth,2013,4,,,,,,,,,
4/5/13 11:44 AM,100,Parmesan cheese,99, $8.00 , $792.00 , $4.00 , $396.00 , $396.00 ,233,Roberta Cross,2013,4,,,,,,,,,
4/14/13 5:37 PM,100,Parmesan cheese,18, $8.00 , $144.00 , $4.00 , $72.00 , $72.00 ,557,Loraine Schultz,2013,4,,,,,,,,,
4/30/13 2:29 PM,100,Parmesan cheese,10, $8.00 , $80.00 , $4.00 , $40.00 , $40.00 ,572,PJ Helgoth,2013,4,,,,,,,,,
4/10/13 12:06 AM,100,Parmesan cheese,58, $8.00 , $464.00 , $4.00 , $232.00 , $232.00 ,846,Loraine Schultz,2013,4,,,,,,,,,
4/20/13 9:55 AM,100,Parmesan cheese,16, $8.00 , $128.00 , $4.00 , $64.00 , $64.00 ,846,Loraine Schultz,2013,4,,,,,,,,,
5/28/13 10:57 PM,100,Parmesan cheese,46, $8.00 , $368.00 , $4.00 , $184.00 , $184.00 ,6,Loraine Schultz,2013,5,,,,,,,,,
5/17/13 6:01 PM,100,Parmesan cheese,46, $8.00 , $368.00 , $4.00 , $184.00 , $184.00 ,23,Roberta Cross,2013,5,,,,,,,,,
5/14/13 5:34 AM,100,Parmesan cheese,78, $8.00 , $624.00 , $4.00 , $312.00 , $312.00 ,95,Loraine Schultz,2013,5,,,,,,,,,
5/16/13 10:41 PM,100,Parmesan cheese,78, $8.00 , $624.00 , $4.00 , $312.00 , $312.00 ,315,Loraine Schultz,2013,5,,,,,,,,,
5/19/13 3:49 PM,100,Parmesan cheese,11, $8.00 , $88.00 , $4.00 , $44.00 , $44.00 ,572,Loraine Schultz,2013,5,,,,,,,,,
5/14/13 12:44 PM,100,Parmesan cheese,69, $8.00 , $552.00 , $4.00 , $276.00 , $276.00 ,686,Roberta Cross,2013,5,,,,,,,,,
5/12/13 9:10 AM,100,Parmesan cheese,28, $8.00 , $224.00 , $4.00 , $112.00 , $112.00 ,846,Loraine Schultz,2013,5,,,,,,,,,
6/13/13 4:17 AM,100,Parmesan cheese,2, $8.00 , $16.00 , $4.00 , $8.00 , $8.00 ,14,Roberta Cross,2013,6,,,,,,,,,
6/26/13 6:19 AM,100,Parmesan cheese,12, $8.00 , $96.00 , $4.00 , $48.00 , $48.00 ,14,Roberta Cross,2013,6,,,,,,,,,
6/29/13 12:57 PM,100,Parmesan cheese,94, $8.00 , $752.00 , $4.00 , $376.00 , $376.00 ,23,Loraine Schultz,2013,6,,,,,,,,,
6/11/13 12:02 AM,100,Parmesan cheese,95, $8.00 , $760.00 , $4.00 , $380.00 , $380.00 ,95,Loraine Schultz,2013,6,,,,,,,,,
6/12/13 2:43 AM,100,Parmesan cheese,95, $8.00 , $760.00 , $4.00 , $380.00 , $380.00 ,557,PJ Helgoth,2013,6,,,,,,,,,
6/13/13 8:13 AM,100,Parmesan cheese,85, $8.00 , $680.00 , $4.00 , $340.00 , $340.00 ,572,Loraine Schultz,2013,6,,,,,,,,,
6/14/13 5:41 AM,100,Parmesan cheese,98, $8.00 , $784.00 , $4.00 , $392.00 , $392.00 ,572,Loraine Schultz,2013,6,,,,,,,,,
7/7/13 3:44 PM,100,Parmesan cheese,99, $8.00 , $792.00 , $4.00 , $396.00 , $396.00 ,6,Roberta Cross,2013,7,,,,,,,,,
7/27/13 6:03 PM,100,Parmesan cheese,1, $8.00 , $8.00 , $4.00 , $4.00 , $4.00 ,6,Roberta Cross,2013,7,,,,,,,,,
7/19/13 11:41 PM,100,Parmesan cheese,55, $8.00 , $440.00 , $4.00 , $220.00 , $220.00 ,95,Roberta Cross,2013,7,,,,,,,,,
7/27/13 12:24 PM,100,Parmesan cheese,23, $8.00 , $184.00 , $4.00 , $92.00 , $92.00 ,95,Loraine Schultz,2013,7,,,,,,,,,
7/29/13 4:53 PM,100,Parmesan cheese,8, $8.00 , $64.00 , $4.00 , $32.00 , $32.00 ,572,Roberta Cross,2013,7,,,,,,,,,
7/13/13 12:31 PM,100,Parmesan cheese,30, $8.00 , $240.00 , $4.00 , $120.00 , $120.00 ,846,Roberta Cross,2013,7,,,,,,,,,
7/25/13 3:50 AM,100,Parmesan cheese,9, $8.00 , $72.00 , $4.00 , $36.00 , $36.00 ,846,Loraine Schultz,2013,7,,,,,,,,,
8/29/13 11:38 PM,100,Parmesan cheese,4, $8.00 , $32.00 , $4.00 , $16.00 , $16.00 ,14,Roberta Cross,2013,8,,,,,,,,,
8/12/13 6:20 AM,100,Parmesan cheese,82, $8.00 , $656.00 , $4.00 , $328.00 , $328.00 ,23,Loraine Schultz,2013,8,,,,,,,,,
8/18/13 2:26 AM,100,Parmesan cheese,74, $8.00 , $592.00 , $4.00 , $296.00 , $296.00 ,95,Loraine Schultz,2013,8,,,,,,,,,
8/5/13 10:36 AM,100,Parmesan cheese,45, $8.00 , $360.00 , $4.00 , $180.00 , $180.00 ,557,Loraine Schultz,2013,8,,,,,,,,,
8/21/13 9:44 PM,100,Parmesan cheese,70, $8.00 , $560.00 , $4.00 , $280.00 , $280.00 ,572,Roberta Cross,2013,8,,,,,,,,,
8/18/13 2:26 PM,100,Parmesan cheese,10, $8.00 , $80.00 , $4.00 , $40.00 , $40.00 ,686,Roberta Cross,2013,8,,,,,,,,,
8/25/13 1:33 AM,100,Parmesan cheese,90, $8.00 , $720.00 , $4.00 , $360.00 , $360.00 ,846,Loraine Schultz,2013,8,,,,,,,,,
9/21/13 5:09 AM,100,Parmesan cheese,61, $8.00 , $488.00 , $4.00 , $244.00 , $244.00 ,14,Roberta Cross,2013,9,,,,,,,,,
9/16/13 12:18 AM,100,Parmesan cheese,52, $8.00 , $416.00 , $4.00 , $208.00 , $208.00 ,23,Roberta Cross,2013,9,,,,,,,,,
9/17/13 3:54 AM,100,Parmesan cheese,79, $8.00 , $632.00 , $4.00 , $316.00 , $316.00 ,95,Loraine Schultz,2013,9,,,,,,,,,
9/10/13 11:19 AM,100,Parmesan cheese,62, $8.00 , $496.00 , $4.00 , $248.00 , $248.00 ,557,PJ Helgoth,2013,9,,,,,,,,,
9/7/13 9:54 PM,100,Parmesan cheese,13, $8.00 , $104.00 , $4.00 , $52.00 , $52.00 ,572,Loraine Schultz,2013,9,,,,,,,,,
9/30/13 5:31 PM,100,Parmesan cheese,65, $8.00 , $520.00 , $4.00 , $260.00 , $260.00 ,846,PJ Helgoth,2013,9,,,,,,,,,
10/11/13 12:10 AM,100,Parmesan cheese,69, $8.00 , $552.00 , $4.00 , $276.00 , $276.00 ,6,Roberta Cross,2013,10,,,,,,,,,
10/9/13 11:54 AM,100,Parmesan cheese,43, $8.00 , $344.00 , $4.00 , $172.00 , $172.00 ,14,Roberta Cross,2013,10,,,,,,,,,
10/29/13 1:55 PM,100,Parmesan cheese,78, $8.00 , $624.00 , $4.00 , $312.00 , $312.00 ,95,Loraine Schultz,2013,10,,,,,,,,,
10/17/13 2:58 PM,100,Parmesan cheese,55, $8.00 , $440.00 , $4.00 , $220.00 , $220.00 ,572,Loraine Schultz,2013,10,,,,,,,,,
10/23/13 9:48 PM,100,Parmesan cheese,33, $8.00 , $264.00 , $4.00 , $132.00 , $132.00 ,572,Roberta Cross,2013,10,,,,,,,,,
11/12/13 12:15 AM,100,Parmesan cheese,45, $8.00 , $360.00 , $4.00 , $180.00 , $180.00 ,846,Loraine Schultz,2013,11,,,,,,,,,
12/18/13 3:20 AM,100,Parmesan cheese,44, $8.00 , $352.00 , $4.00 , $176.00 , $176.00 ,6,Roberta Cross,2013,12,,,,,,,,,
12/23/13 2:09 PM,100,Parmesan cheese,22, $8.00 , $176.00 , $4.00 , $88.00 , $88.00 ,14,Loraine Schultz,2013,12,,,,,,,,,
12/10/13 5:21 PM,100,Parmesan cheese,40, $8.00 , $320.00 , $4.00 , $160.00 , $160.00 ,95,Roberta Cross,2013,12,,,,,,,,,
12/3/13 8:40 AM,100,Parmesan cheese,48, $8.00 , $384.00 , $4.00 , $192.00 , $192.00 ,572,Loraine Schultz,2013,12,,,,,,,,,
12/9/13 8:23 AM,100,Parmesan cheese,83, $8.00 , $664.00 , $4.00 , $332.00 , $332.00 ,572,PJ Helgoth,2013,12,,,,,,,,,
1/15/13 3:33 PM,85,Pepperoni,33, $53.00 ," $1,749.00 ", $35.00 ," $1,155.00 ", $594.00 ,14,Roberta Cross,2013,1,,,,,,,,,
3/29/13 9:28 AM,85,Pepperoni,30, $53.00 ," $1,590.00 ", $35.00 ," $1,050.00 ", $540.00 ,14,Roberta Cross,2013,3,,,,,,,,,
3/24/13 2:21 PM,85,Pepperoni,41, $53.00 ," $2,173.00 ", $35.00 ," $1,435.00 ", $738.00 ,686,Roberta Cross,2013,3,,,,,,,,,
4/7/13 7:47 AM,85,Pepperoni,11, $53.00 , $583.00 , $35.00 , $385.00 , $198.00 ,23,Roberta Cross,2013,4,,,,,,,,,
4/20/13 3:31 PM,85,Pepperoni,80, $53.00 ," $4,240.00 ", $35.00 ," $2,800.00 "," $1,440.00 ",23,Roberta Cross,2013,4,,,,,,,,,
6/16/13 12:18 AM,85,Pepperoni,55, $53.00 ," $2,915.00 ", $35.00 ," $1,925.00 ", $990.00 ,6,Roberta Cross,2013,6,,,,,,,,,
6/2/13 1:57 AM,85,Pepperoni,63, $53.00 ," $3,339.00 ", $35.00 ," $2,205.00 "," $1,134.00 ",233,Roberta Cross,2013,6,,,,,,,,,
7/8/13 6:38 PM,85,Pepperoni,69, $53.00 ," $3,657.00 ", $35.00 ," $2,415.00 "," $1,242.00 ",6,Roberta Cross,2013,7,,,,,,,,,
10/15/13 1:13 AM,85,Pepperoni,45, $53.00 ," $2,385.00 ", $35.00 ," $1,575.00 ", $810.00 ,14,Roberta Cross,2013,10,,,,,,,,,
1/28/13 11:53 AM,31,Peppers,85, $21.00 ," $1,785.00 ", $12.00 ," $1,020.00 ", $765.00 ,6,Loraine Schultz,2013,1,,,,,,,,,
1/29/13 12:57 PM,31,Peppers,5, $21.00 , $105.00 , $12.00 , $60.00 , $45.00 ,6,Roberta Cross,2013,1,,,,,,,,,
1/21/13 3:47 AM,31,Peppers,29, $21.00 , $609.00 , $12.00 , $348.00 , $261.00 ,846,Roberta Cross,2013,1,,,,,,,,,
2/20/13 1:10 AM,31,Peppers,31, $21.00 , $651.00 , $12.00 , $372.00 , $279.00 ,14,Roberta Cross,2013,2,,,,,,,,,
2/6/13 12:33 PM,31,Peppers,59, $21.00 ," $1,239.00 ", $12.00 , $708.00 , $531.00 ,23,Roberta Cross,2013,2,,,,,,,,,
2/24/13 7:19 PM,31,Peppers,89, $21.00 ," $1,869.00 ", $12.00 ," $1,068.00 ", $801.00 ,95,Roberta Cross,2013,2,,,,,,,,,
2/13/13 7:06 PM,31,Peppers,44, $21.00 , $924.00 , $12.00 , $528.00 , $396.00 ,557,Roberta Cross,2013,2,,,,,,,,,
2/21/13 3:51 AM,31,Peppers,62, $21.00 ," $1,302.00 ", $12.00 , $744.00 , $558.00 ,572,Loraine Schultz,2013,2,,,,,,,,,
3/3/13 11:20 PM,31,Peppers,33, $21.00 , $693.00 , $12.00 , $396.00 , $297.00 ,6,Loraine Schultz,2013,3,,,,,,,,,
3/28/13 8:01 AM,31,Peppers,7, $21.00 , $147.00 , $12.00 , $84.00 , $63.00 ,23,Roberta Cross,2013,3,,,,,,,,,
3/31/13 12:08 AM,31,Peppers,21, $21.00 , $441.00 , $12.00 , $252.00 , $189.00 ,23,Loraine Schultz,2013,3,,,,,,,,,
3/20/13 8:01 AM,31,Peppers,85, $21.00 ," $1,785.00 ", $12.00 ," $1,020.00 ", $765.00 ,95,Loraine Schultz,2013,3,,,,,,,,,
3/13/13 7:31 AM,31,Peppers,71, $21.00 ," $1,491.00 ", $12.00 , $852.00 , $639.00 ,557,Roberta Cross,2013,3,,,,,,,,,
3/28/13 8:36 PM,31,Peppers,92, $21.00 ," $1,932.00 ", $12.00 ," $1,104.00 ", $828.00 ,572,PJ Helgoth,2013,3,,,,,,,,,
4/12/13 9:26 AM,31,Peppers,85, $21.00 ," $1,785.00 ", $12.00 ," $1,020.00 ", $765.00 ,6,Roberta Cross,2013,4,,,,,,,,,
4/24/13 12:47 AM,31,Peppers,45, $21.00 , $945.00 , $12.00 , $540.00 , $405.00 ,557,PJ Helgoth,2013,4,,,,,,,,,
4/7/13 4:08 AM,31,Peppers,15, $21.00 , $315.00 , $12.00 , $180.00 , $135.00 ,846,PJ Helgoth,2013,4,,,,,,,,,
4/23/13 9:10 AM,31,Peppers,28, $21.00 , $588.00 , $12.00 , $336.00 , $252.00 ,846,Roberta Cross,2013,4,,,,,,,,,
5/21/13 3:37 PM,31,Peppers,81, $21.00 ," $1,701.00 ", $12.00 , $972.00 , $729.00 ,6,Loraine Schultz,2013,5,,,,,,,,,
5/30/13 5:43 AM,31,Peppers,33, $21.00 , $693.00 , $12.00 , $396.00 , $297.00 ,14,Loraine Schultz,2013,5,,,,,,,,,
5/19/13 7:27 AM,31,Peppers,88, $21.00 ," $1,848.00 ", $12.00 ," $1,056.00 ", $792.00 ,95,Loraine Schultz,2013,5,,,,,,,,,
5/21/13 1:10 PM,31,Peppers,11, $21.00 , $231.00 , $12.00 , $132.00 , $99.00 ,95,Roberta Cross,2013,5,,,,,,,,,
5/29/13 5:30 PM,31,Peppers,1, $21.00 , $21.00 , $12.00 , $12.00 , $9.00 ,95,Roberta Cross,2013,5,,,,,,,,,
5/29/13 12:11 PM,31,Peppers,92, $21.00 ," $1,932.00 ", $12.00 ," $1,104.00 ", $828.00 ,557,Roberta Cross,2013,5,,,,,,,,,
5/14/13 4:30 PM,31,Peppers,60, $21.00 ," $1,260.00 ", $12.00 , $720.00 , $540.00 ,572,Roberta Cross,2013,5,,,,,,,,,
5/20/13 1:17 AM,31,Peppers,57, $21.00 ," $1,197.00 ", $12.00 , $684.00 , $513.00 ,846,Loraine Schultz,2013,5,,,,,,,,,
6/30/13 6:20 AM,31,Peppers,58, $21.00 ," $1,218.00 ", $12.00 , $696.00 , $522.00 ,6,Roberta Cross,2013,6,,,,,,,,,
6/7/13 10:31 PM,31,Peppers,39, $21.00 , $819.00 , $12.00 , $468.00 , $351.00 ,95,Roberta Cross,2013,6,,,,,,,,,
6/11/13 1:13 AM,31,Peppers,55, $21.00 ," $1,155.00 ", $12.00 , $660.00 , $495.00 ,95,Roberta Cross,2013,6,,,,,,,,,
6/27/13 10:09 AM,31,Peppers,3, $21.00 , $63.00 , $12.00 , $36.00 , $27.00 ,233,Roberta Cross,2013,6,,,,,,,,,
6/15/13 8:35 PM,31,Peppers,39, $21.00 , $819.00 , $12.00 , $468.00 , $351.00 ,686,Roberta Cross,2013,6,,,,,,,,,
7/14/13 3:09 AM,31,Peppers,65, $21.00 ," $1,365.00 ", $12.00 , $780.00 , $585.00 ,14,Loraine Schultz,2013,7,,,,,,,,,
7/19/13 2:18 AM,31,Peppers,81, $21.00 ," $1,701.00 ", $12.00 , $972.00 , $729.00 ,572,Roberta Cross,2013,7,,,,,,,,,
7/30/13 4:07 PM,31,Peppers,30, $21.00 , $630.00 , $12.00 , $360.00 , $270.00 ,572,Roberta Cross,2013,7,,,,,,,,,
8/16/13 12:38 AM,31,Peppers,72, $21.00 ," $1,512.00 ", $12.00 , $864.00 , $648.00 ,6,Roberta Cross,2013,8,,,,,,,,,
8/31/13 8:33 AM,31,Peppers,2, $21.00 , $42.00 , $12.00 , $24.00 , $18.00 ,557,Loraine Schultz,2013,8,,,,,,,,,
9/3/13 3:23 AM,31,Peppers,20, $21.00 , $420.00 , $12.00 , $240.00 , $180.00 ,23,Roberta Cross,2013,9,,,,,,,,,
10/19/13 6:34 AM,31,Peppers,66, $21.00 ," $1,386.00 ", $12.00 , $792.00 , $594.00 ,6,Roberta Cross,2013,10,,,,,,,,,
10/25/13 11:09 AM,31,Peppers,75, $21.00 ," $1,575.00 ", $12.00 , $900.00 , $675.00 ,6,Loraine Schultz,2013,10,,,,,,,,,
10/20/13 12:38 PM,31,Peppers,86, $21.00 ," $1,806.00 ", $12.00 ," $1,032.00 ", $774.00 ,14,Roberta Cross,2013,10,,,,,,,,,
10/18/13 6:36 AM,31,Peppers,72, $21.00 ," $1,512.00 ", $12.00 , $864.00 , $648.00 ,95,PJ Helgoth,2013,10,,,,,,,,,
10/2/13 11:51 AM,31,Peppers,78, $21.00 ," $1,638.00 ", $12.00 , $936.00 , $702.00 ,572,Roberta Cross,2013,10,,,,,,,,,
10/27/13 4:55 PM,31,Peppers,65, $21.00 ," $1,365.00 ", $12.00 , $780.00 , $585.00 ,572,Roberta Cross,2013,10,,,,,,,,,
10/9/13 6:16 PM,31,Peppers,57, $21.00 ," $1,197.00 ", $12.00 , $684.00 , $513.00 ,686,Roberta Cross,2013,10,,,,,,,,,
10/14/13 12:48 AM,31,Peppers,7, $21.00 , $147.00 , $12.00 , $84.00 , $63.00 ,846,PJ Helgoth,2013,10,,,,,,,,,
11/26/13 7:37 PM,31,Peppers,60, $21.00 ," $1,260.00 ", $12.00 , $720.00 , $540.00 ,14,Roberta Cross,2013,11,,,,,,,,,
11/30/13 12:35 AM,31,Peppers,5, $21.00 , $105.00 , $12.00 , $60.00 , $45.00 ,23,Roberta Cross,2013,11,,,,,,,,,
11/20/13 4:12 PM,31,Peppers,4, $21.00 , $84.00 , $12.00 , $48.00 , $36.00 ,315,PJ Helgoth,2013,11,,,,,,,,,
11/15/13 11:56 PM,31,Peppers,92, $21.00 ," $1,932.00 ", $12.00 ," $1,104.00 ", $828.00 ,572,PJ Helgoth,2013,11,,,,,,,,,
11/3/13 8:23 AM,31,Peppers,93, $21.00 ," $1,953.00 ", $12.00 ," $1,116.00 ", $837.00 ,846,Roberta Cross,2013,11,,,,,,,,,
12/2/13 2:52 AM,31,Peppers,4, $21.00 , $84.00 , $12.00 , $48.00 , $36.00 ,315,Roberta Cross,2013,12,,,,,,,,,
12/23/13 9:49 PM,31,Peppers,42, $21.00 , $882.00 , $12.00 , $504.00 , $378.00 ,315,Loraine Schultz,2013,12,,,,,,,,,
12/9/13 10:55 AM,31,Peppers,96, $21.00 ," $2,016.00 ", $12.00 ," $1,152.00 ", $864.00 ,572,PJ Helgoth,2013,12,,,,,,,,,
1/2/14 3:09 AM,31,Peppers,31, $21.00 , $651.00 , $12.00 , $372.00 , $279.00 ,686,Loraine Schultz,2014,1,,,,,,,,,
1/15/14 12:00 AM,31,Peppers,31, $21.00 , $651.00 , $12.00 , $372.00 , $279.00 ,686,Loraine Schultz,2014,1,,,,,,,,,
1/19/14 12:00 AM,31,Peppers,31, $21.00 , $651.00 , $12.00 , $372.00 , $279.00 ,686,Loraine Schultz,2014,1,,,,,,,,,
2/17/14 12:00 AM,31,Peppers,79, $21.00 ," $1,659.00 ", $12.00 , $948.00 , $711.00 ,846,Loraine Schultz,2014,2,,,,,,,,,
6/16/14 12:29 PM,31,Peppers,97, $21.00 ," $2,037.00 ", $12.00 ," $1,164.00 ", $873.00 ,233,Roberta Cross,2014,6,,,,,,,,,
9/18/14 12:00 AM,31,Peppers,25, $21.00 , $525.00 , $12.00 , $300.00 , $225.00 ,572,Loraine Schultz,2014,9,,,,,,,,,
1/10/13 10:50 AM,39,Pineapple,40, $33.00 ," $1,320.00 ", $28.00 ," $1,120.00 ", $200.00 ,315,Loraine Schultz,2013,1,,,,,,,,,
1/11/13 4:29 PM,39,Pineapple,71, $33.00 ," $2,343.00 ", $28.00 ," $1,988.00 ", $355.00 ,846,Loraine Schultz,2013,1,,,,,,,,,
2/28/13 3:21 AM,39,Pineapple,67, $33.00 ," $2,211.00 ", $28.00 ," $1,876.00 ", $335.00 ,6,Roberta Cross,2013,2,,,,,,,,,
2/26/13 3:53 PM,39,Pineapple,56, $33.00 ," $1,848.00 ", $28.00 ," $1,568.00 ", $280.00 ,557,Loraine Schultz,2013,2,,,,,,,,,
2/4/13 11:18 PM,39,Pineapple,64, $33.00 ," $2,112.00 ", $28.00 ," $1,792.00 ", $320.00 ,846,Loraine Schultz,2013,2,,,,,,,,,
3/3/13 10:55 AM,39,Pineapple,48, $33.00 ," $1,584.00 ", $28.00 ," $1,344.00 ", $240.00 ,14,Roberta Cross,2013,3,,,,,,,,,
3/14/13 7:24 AM,39,Pineapple,95, $33.00 ," $3,135.00 ", $28.00 ," $2,660.00 ", $475.00 ,95,Loraine Schultz,2013,3,,,,,,,,,
3/10/13 4:09 AM,39,Pineapple,33, $33.00 ," $1,089.00 ", $28.00 , $924.00 , $165.00 ,572,Loraine Schultz,2013,3,,,,,,,,,
5/5/13 9:54 PM,39,Pineapple,51, $33.00 ," $1,683.00 ", $28.00 ," $1,428.00 ", $255.00 ,95,Loraine Schultz,2013,5,,,,,,,,,
5/27/13 1:57 AM,39,Pineapple,29, $33.00 , $957.00 , $28.00 , $812.00 , $145.00 ,557,Loraine Schultz,2013,5,,,,,,,,,
5/28/13 11:32 AM,39,Pineapple,60, $33.00 ," $1,980.00 ", $28.00 ," $1,680.00 ", $300.00 ,557,Loraine Schultz,2013,5,,,,,,,,,
5/3/13 7:42 AM,39,Pineapple,3, $33.00 , $99.00 , $28.00 , $84.00 , $15.00 ,572,Loraine Schultz,2013,5,,,,,,,,,
5/24/13 3:37 PM,39,Pineapple,51, $33.00 ," $1,683.00 ", $28.00 ," $1,428.00 ", $255.00 ,572,Loraine Schultz,2013,5,,,,,,,,,
5/18/13 8:26 PM,39,Pineapple,65, $33.00 ," $2,145.00 ", $28.00 ," $1,820.00 ", $325.00 ,846,Loraine Schultz,2013,5,,,,,,,,,
6/8/13 3:48 PM,39,Pineapple,70, $33.00 ," $2,310.00 ", $28.00 ," $1,960.00 ", $350.00 ,686,Roberta Cross,2013,6,,,,,,,,,
7/15/13 10:47 AM,39,Pineapple,77, $33.00 ," $2,541.00 ", $28.00 ," $2,156.00 ", $385.00 ,23,Roberta Cross,2013,7,,,,,,,,,
7/11/13 4:41 PM,39,Pineapple,94, $33.00 ," $3,102.00 ", $28.00 ," $2,632.00 ", $470.00 ,572,Loraine Schultz,2013,7,,,,,,,,,
9/20/13 9:53 AM,39,Pineapple,24, $33.00 , $792.00 , $28.00 , $672.00 , $120.00 ,23,Roberta Cross,2013,9,,,,,,,,,
9/11/13 5:46 AM,39,Pineapple,34, $33.00 ," $1,122.00 ", $28.00 , $952.00 , $170.00 ,95,Loraine Schultz,2013,9,,,,,,,,,
9/15/13 6:30 AM,39,Pineapple,32, $33.00 ," $1,056.00 ", $28.00 , $896.00 , $160.00 ,572,Loraine Schultz,2013,9,,,,,,,,,
10/28/13 3:17 AM,39,Pineapple,50, $33.00 ," $1,650.00 ", $28.00 ," $1,400.00 ", $250.00 ,6,Roberta Cross,2013,10,,,,,,,,,
10/25/13 12:31 AM,39,Pineapple,58, $33.00 ," $1,914.00 ", $28.00 ," $1,624.00 ", $290.00 ,233,Roberta Cross,2013,10,,,,,,,,,
11/10/13 3:31 PM,39,Pineapple,5, $33.00 , $165.00 , $28.00 , $140.00 , $25.00 ,572,Loraine Schultz,2013,11,,,,,,,,,
12/27/13 9:06 PM,39,Pineapple,43, $33.00 ," $1,419.00 ", $28.00 ," $1,204.00 ", $215.00 ,14,Roberta Cross,2013,12,,,,,,,,,
12/17/13 3:27 PM,39,Pineapple,98, $33.00 ," $3,234.00 ", $28.00 ," $2,744.00 ", $490.00 ,95,Loraine Schultz,2013,12,,,,,,,,,
1/29/13 11:45 PM,30,Red onions,13, $12.00 , $156.00 , $8.00 , $104.00 , $52.00 ,14,Loraine Schultz,2013,1,,,,,,,,,
1/8/13 3:25 PM,30,Red onions,39, $12.00 , $468.00 , $8.00 , $312.00 , $156.00 ,95,Loraine Schultz,2013,1,,,,,,,,,
1/5/13 8:25 AM,30,Red onions,27, $12.00 , $324.00 , $8.00 , $216.00 , $108.00 ,233,Loraine Schultz,2013,1,,,,,,,,,
2/17/13 9:59 PM,30,Red onions,76, $12.00 , $912.00 , $8.00 , $608.00 , $304.00 ,14,Loraine Schultz,2013,2,,,,,,,,,
2/10/13 5:47 PM,30,Red onions,7, $12.00 , $84.00 , $8.00 , $56.00 , $28.00 ,23,Loraine Schultz,2013,2,,,,,,,,,
2/2/13 6:48 AM,30,Red onions,85, $12.00 ," $1,020.00 ", $8.00 , $680.00 , $340.00 ,572,Loraine Schultz,2013,2,,,,,,,,,
3/12/13 7:07 PM,30,Red onions,59, $12.00 , $708.00 , $8.00 , $472.00 , $236.00 ,6,Loraine Schultz,2013,3,,,,,,,,,
3/10/13 3:25 PM,30,Red onions,90, $12.00 ," $1,080.00 ", $8.00 , $720.00 , $360.00 ,14,Loraine Schultz,2013,3,,,,,,,,,
3/19/13 11:56 PM,30,Red onions,54, $12.00 , $648.00 , $8.00 , $432.00 , $216.00 ,95,Loraine Schultz,2013,3,,,,,,,,,
3/6/13 1:41 AM,30,Red onions,89, $12.00 ," $1,068.00 ", $8.00 , $712.00 , $356.00 ,846,Loraine Schultz,2013,3,,,,,,,,,
4/24/13 5:48 AM,30,Red onions,23, $12.00 , $276.00 , $8.00 , $184.00 , $92.00 ,6,Loraine Schultz,2013,4,,,,,,,,,
4/26/13 1:25 PM,30,Red onions,85, $12.00 ," $1,020.00 ", $8.00 , $680.00 , $340.00 ,14,Loraine Schultz,2013,4,,,,,,,,,
4/4/13 6:19 PM,30,Red onions,58, $12.00 , $696.00 , $8.00 , $464.00 , $232.00 ,557,Loraine Schultz,2013,4,,,,,,,,,
4/29/13 12:01 AM,30,Red onions,48, $12.00 , $576.00 , $8.00 , $384.00 , $192.00 ,557,PJ Helgoth,2013,4,,,,,,,,,
4/17/13 7:46 PM,30,Red onions,61, $12.00 , $732.00 , $8.00 , $488.00 , $244.00 ,686,Loraine Schultz,2013,4,,,,,,,,,
4/27/13 12:06 PM,30,Red onions,95, $12.00 ," $1,140.00 ", $8.00 , $760.00 , $380.00 ,686,Loraine Schultz,2013,4,,,,,,,,,
5/3/13 1:21 PM,30,Red onions,25, $12.00 , $300.00 , $8.00 , $200.00 , $100.00 ,23,Loraine Schultz,2013,5,,,,,,,,,
5/27/13 6:51 PM,30,Red onions,63, $12.00 , $756.00 , $8.00 , $504.00 , $252.00 ,23,Loraine Schultz,2013,5,,,,,,,,,
5/19/13 11:03 AM,30,Red onions,76, $12.00 , $912.00 , $8.00 , $608.00 , $304.00 ,557,Loraine Schultz,2013,5,,,,,,,,,
5/24/13 12:18 AM,30,Red onions,99, $12.00 ," $1,188.00 ", $8.00 , $792.00 , $396.00 ,557,Loraine Schultz,2013,5,,,,,,,,,
5/12/13 9:24 PM,30,Red onions,79, $12.00 , $948.00 , $8.00 , $632.00 , $316.00 ,572,Loraine Schultz,2013,5,,,,,,,,,
5/14/13 3:32 AM,30,Red onions,53, $12.00 , $636.00 , $8.00 , $424.00 , $212.00 ,846,Loraine Schultz,2013,5,,,,,,,,,
6/10/13 5:14 AM,30,Red onions,38, $12.00 , $456.00 , $8.00 , $304.00 , $152.00 ,6,Loraine Schultz,2013,6,,,,,,,,,
6/29/13 9:29 PM,30,Red onions,4, $12.00 , $48.00 , $8.00 , $32.00 , $16.00 ,95,Loraine Schultz,2013,6,,,,,,,,,
6/12/13 1:22 PM,30,Red onions,87, $12.00 ," $1,044.00 ", $8.00 , $696.00 , $348.00 ,557,Loraine Schultz,2013,6,,,,,,,,,
6/4/13 5:46 PM,30,Red onions,48, $12.00 , $576.00 , $8.00 , $384.00 , $192.00 ,686,Loraine Schultz,2013,6,,,,,,,,,
7/14/13 3:24 PM,30,Red onions,71, $12.00 , $852.00 , $8.00 , $568.00 , $284.00 ,6,Loraine Schultz,2013,7,,,,,,,,,
7/12/13 2:20 PM,30,Red onions,77, $12.00 , $924.00 , $8.00 , $616.00 , $308.00 ,95,Loraine Schultz,2013,7,,,,,,,,,
7/23/13 9:50 PM,30,Red onions,64, $12.00 , $768.00 , $8.00 , $512.00 , $256.00 ,95,PJ Helgoth,2013,7,,,,,,,,,
7/18/13 5:59 AM,30,Red onions,16, $12.00 , $192.00 , $8.00 , $128.00 , $64.00 ,572,Loraine Schultz,2013,7,,,,,,,,,
7/26/13 6:52 AM,30,Red onions,82, $12.00 , $984.00 , $8.00 , $656.00 , $328.00 ,572,Loraine Schultz,2013,7,,,,,,,,,
7/28/13 11:26 PM,30,Red onions,97, $12.00 ," $1,164.00 ", $8.00 , $776.00 , $388.00 ,572,Loraine Schultz,2013,7,,,,,,,,,
8/2/13 10:52 PM,30,Red onions,34, $12.00 , $408.00 , $8.00 , $272.00 , $136.00 ,14,Loraine Schultz,2013,8,,,,,,,,,
8/6/13 11:01 AM,30,Red onions,21, $12.00 , $252.00 , $8.00 , $168.00 , $84.00 ,14,Loraine Schultz,2013,8,,,,,,,,,
8/28/13 2:29 AM,30,Red onions,35, $12.00 , $420.00 , $8.00 , $280.00 , $140.00 ,14,Loraine Schultz,2013,8,,,,,,,,,
8/9/13 4:37 AM,30,Red onions,53, $12.00 , $636.00 , $8.00 , $424.00 , $212.00 ,572,Loraine Schultz,2013,8,,,,,,,,,
8/9/13 8:14 AM,30,Red onions,95, $12.00 ," $1,140.00 ", $8.00 , $760.00 , $380.00 ,572,PJ Helgoth,2013,8,,,,,,,,,
8/21/13 5:52 PM,30,Red onions,42, $12.00 , $504.00 , $8.00 , $336.00 , $168.00 ,572,Loraine Schultz,2013,8,,,,,,,,,
9/24/13 4:22 PM,30,Red onions,91, $12.00 ," $1,092.00 ", $8.00 , $728.00 , $364.00 ,23,Loraine Schultz,2013,9,,,,,,,,,
9/29/13 11:21 AM,30,Red onions,95, $12.00 ," $1,140.00 ", $8.00 , $760.00 , $380.00 ,23,Loraine Schultz,2013,9,,,,,,,,,
9/6/13 11:08 AM,30,Red onions,15, $12.00 , $180.00 , $8.00 , $120.00 , $60.00 ,95,Loraine Schultz,2013,9,,,,,,,,,
9/18/13 8:55 AM,30,Red onions,14, $12.00 , $168.00 , $8.00 , $112.00 , $56.00 ,95,Loraine Schultz,2013,9,,,,,,,,,
9/11/13 3:32 AM,30,Red onions,63, $12.00 , $756.00 , $8.00 , $504.00 , $252.00 ,315,PJ Helgoth,2013,9,,,,,,,,,
9/10/13 4:32 PM,30,Red onions,78, $12.00 , $936.00 , $8.00 , $624.00 , $312.00 ,557,Loraine Schultz,2013,9,,,,,,,,,
9/19/13 10:36 PM,30,Red onions,48, $12.00 , $576.00 , $8.00 , $384.00 , $192.00 ,572,Loraine Schultz,2013,9,,,,,,,,,
9/30/13 3:09 AM,30,Red onions,46, $12.00 , $552.00 , $8.00 , $368.00 , $184.00 ,572,Loraine Schultz,2013,9,,,,,,,,,
9/10/13 6:03 AM,30,Red onions,74, $12.00 , $888.00 , $8.00 , $592.00 , $296.00 ,846,PJ Helgoth,2013,9,,,,,,,,,
10/30/13 9:40 PM,30,Red onions,55, $12.00 , $660.00 , $8.00 , $440.00 , $220.00 ,6,Loraine Schultz,2013,10,,,,,,,,,
10/9/13 3:41 PM,30,Red onions,94, $12.00 ," $1,128.00 ", $8.00 , $752.00 , $376.00 ,572,PJ Helgoth,2013,10,,,,,,,,,
11/21/13 11:21 PM,30,Red onions,65, $12.00 , $780.00 , $8.00 , $520.00 , $260.00 ,846,Loraine Schultz,2013,11,,,,,,,,,
12/4/13 1:59 PM,30,Red onions,64, $12.00 , $768.00 , $8.00 , $512.00 , $256.00 ,6,Loraine Schultz,2013,12,,,,,,,,,
12/19/13 12:01 AM,30,Red onions,85, $12.00 ," $1,020.00 ", $8.00 , $680.00 , $340.00 ,6,Loraine Schultz,2013,12,,,,,,,,,
12/9/13 8:18 PM,30,Red onions,28, $12.00 , $336.00 , $8.00 , $224.00 , $112.00 ,95,Loraine Schultz,2013,12,,,,,,,,,
12/28/13 3:01 AM,30,Red onions,31, $12.00 , $372.00 , $8.00 , $248.00 , $124.00 ,95,PJ Helgoth,2013,12,,,,,,,,,
12/9/13 10:56 PM,30,Red onions,12, $12.00 , $144.00 , $8.00 , $96.00 , $48.00 ,686,Loraine Schultz,2013,12,,,,,,,,,
12/9/13 8:40 PM,30,Red onions,65, $12.00 , $780.00 , $8.00 , $520.00 , $260.00 ,846,Loraine Schultz,2013,12,,,,,,,,,
12/25/13 2:42 PM,30,Red onions,79, $12.00 , $948.00 , $8.00 , $632.00 , $316.00 ,846,PJ Helgoth,2013,12,,,,,,,,,
1/7/13 2:44 PM,16,Romaine lettuce,52, $15.00 , $780.00 , $14.00 , $728.00 , $52.00 ,6,Roberta Cross,2013,1,,,,,,,,,
1/6/13 4:41 AM,16,Romaine lettuce,67, $15.00 ," $1,005.00 ", $14.00 , $938.00 , $67.00 ,14,Roberta Cross,2013,1,,,,,,,,,
1/18/13 7:04 AM,16,Romaine lettuce,42, $15.00 , $630.00 , $14.00 , $588.00 , $42.00 ,14,Roberta Cross,2013,1,,,,,,,,,
1/7/13 8:38 AM,16,Romaine lettuce,46, $15.00 , $690.00 , $14.00 , $644.00 , $46.00 ,23,Loraine Schultz,2013,1,,,,,,,,,
1/26/13 11:26 AM,16,Romaine lettuce,58, $15.00 , $870.00 , $14.00 , $812.00 , $58.00 ,23,Loraine Schultz,2013,1,,,,,,,,,
1/31/13 4:49 PM,16,Romaine lettuce,51, $15.00 , $765.00 , $14.00 , $714.00 , $51.00 ,23,Loraine Schultz,2013,1,,,,,,,,,
1/4/13 5:29 AM,16,Romaine lettuce,90, $15.00 ," $1,350.00 ", $14.00 ," $1,260.00 ", $90.00 ,315,Roberta Cross,2013,1,,,,,,,,,
1/10/13 12:27 AM,16,Romaine lettuce,58, $15.00 , $870.00 , $14.00 , $812.00 , $58.00 ,557,Loraine Schultz,2013,1,,,,,,,,,
1/14/13 1:22 AM,16,Romaine lettuce,18, $15.00 , $270.00 , $14.00 , $252.00 , $18.00 ,557,Loraine Schultz,2013,1,,,,,,,,,
1/14/13 7:09 AM,16,Romaine lettuce,28, $15.00 , $420.00 , $14.00 , $392.00 , $28.00 ,572,PJ Helgoth,2013,1,,,,,,,,,
1/29/13 11:28 PM,16,Romaine lettuce,49, $15.00 , $735.00 , $14.00 , $686.00 , $49.00 ,572,Loraine Schultz,2013,1,,,,,,,,,
1/9/13 10:58 AM,16,Romaine lettuce,66, $15.00 , $990.00 , $14.00 , $924.00 , $66.00 ,846,Loraine Schultz,2013,1,,,,,,,,,
2/5/13 7:53 PM,16,Romaine lettuce,74, $15.00 ," $1,110.00 ", $14.00 ," $1,036.00 ", $74.00 ,6,Loraine Schultz,2013,2,,,,,,,,,
2/2/13 10:43 PM,16,Romaine lettuce,82, $15.00 ," $1,230.00 ", $14.00 ," $1,148.00 ", $82.00 ,14,Loraine Schultz,2013,2,,,,,,,,,
2/19/13 12:52 PM,16,Romaine lettuce,68, $15.00 ," $1,020.00 ", $14.00 , $952.00 , $68.00 ,14,Loraine Schultz,2013,2,,,,,,,,,
2/10/13 9:14 PM,16,Romaine lettuce,87, $15.00 ," $1,305.00 ", $14.00 ," $1,218.00 ", $87.00 ,23,Roberta Cross,2013,2,,,,,,,,,
2/9/13 12:20 AM,16,Romaine lettuce,7, $15.00 , $105.00 , $14.00 , $98.00 , $7.00 ,95,PJ Helgoth,2013,2,,,,,,,,,
2/16/13 7:15 AM,16,Romaine lettuce,15, $15.00 , $225.00 , $14.00 , $210.00 , $15.00 ,686,Loraine Schultz,2013,2,,,,,,,,,
3/6/13 12:26 PM,16,Romaine lettuce,8, $15.00 , $120.00 , $14.00 , $112.00 , $8.00 ,6,Roberta Cross,2013,3,,,,,,,,,
3/16/13 11:08 AM,16,Romaine lettuce,68, $15.00 ," $1,020.00 ", $14.00 , $952.00 , $68.00 ,6,Roberta Cross,2013,3,,,,,,,,,
3/16/13 9:17 PM,16,Romaine lettuce,38, $15.00 , $570.00 , $14.00 , $532.00 , $38.00 ,6,Loraine Schultz,2013,3,,,,,,,,,
3/15/13 6:09 AM,16,Romaine lettuce,72, $15.00 ," $1,080.00 ", $14.00 ," $1,008.00 ", $72.00 ,23,Roberta Cross,2013,3,,,,,,,,,
3/10/13 9:17 PM,16,Romaine lettuce,74, $15.00 ," $1,110.00 ", $14.00 ," $1,036.00 ", $74.00 ,95,Roberta Cross,2013,3,,,,,,,,,
3/4/13 12:08 AM,16,Romaine lettuce,66, $15.00 , $990.00 , $14.00 , $924.00 , $66.00 ,557,Loraine Schultz,2013,3,,,,,,,,,
3/7/13 11:57 AM,16,Romaine lettuce,5, $15.00 , $75.00 , $14.00 , $70.00 , $5.00 ,557,Loraine Schultz,2013,3,,,,,,,,,
3/8/13 6:27 AM,16,Romaine lettuce,36, $15.00 , $540.00 , $14.00 , $504.00 , $36.00 ,557,PJ Helgoth,2013,3,,,,,,,,,
3/11/13 3:52 AM,16,Romaine lettuce,72, $15.00 ," $1,080.00 ", $14.00 ," $1,008.00 ", $72.00 ,557,Roberta Cross,2013,3,,,,,,,,,
3/13/13 5:39 PM,16,Romaine lettuce,9, $15.00 , $135.00 , $14.00 , $126.00 , $9.00 ,572,Loraine Schultz,2013,3,,,,,,,,,
4/14/13 4:14 AM,16,Romaine lettuce,82, $15.00 ," $1,230.00 ", $14.00 ," $1,148.00 ", $82.00 ,6,Loraine Schultz,2013,4,,,,,,,,,
4/23/13 12:40 AM,16,Romaine lettuce,34, $15.00 , $510.00 , $14.00 , $476.00 , $34.00 ,6,Roberta Cross,2013,4,,,,,,,,,
4/2/13 9:38 PM,16,Romaine lettuce,96, $15.00 ," $1,440.00 ", $14.00 ," $1,344.00 ", $96.00 ,14,Roberta Cross,2013,4,,,,,,,,,
4/18/13 2:07 AM,16,Romaine lettuce,17, $15.00 , $255.00 , $14.00 , $238.00 , $17.00 ,14,Roberta Cross,2013,4,,,,,,,,,
4/24/13 1:03 AM,16,Romaine lettuce,54, $15.00 , $810.00 , $14.00 , $756.00 , $54.00 ,233,Loraine Schultz,2013,4,,,,,,,,,
4/7/13 1:09 AM,16,Romaine lettuce,63, $15.00 , $945.00 , $14.00 , $882.00 , $63.00 ,557,PJ Helgoth,2013,4,,,,,,,,,
4/15/13 10:09 AM,16,Romaine lettuce,29, $15.00 , $435.00 , $14.00 , $406.00 , $29.00 ,572,Loraine Schultz,2013,4,,,,,,,,,
4/23/13 3:35 AM,16,Romaine lettuce,17, $15.00 , $255.00 , $14.00 , $238.00 , $17.00 ,572,Roberta Cross,2013,4,,,,,,,,,
4/24/13 11:19 AM,16,Romaine lettuce,85, $15.00 ," $1,275.00 ", $14.00 ," $1,190.00 ", $85.00 ,686,Roberta Cross,2013,4,,,,,,,,,
4/24/13 10:26 PM,16,Romaine lettuce,24, $15.00 , $360.00 , $14.00 , $336.00 , $24.00 ,686,Roberta Cross,2013,4,,,,,,,,,
4/22/13 11:12 AM,16,Romaine lettuce,30, $15.00 , $450.00 , $14.00 , $420.00 , $30.00 ,846,Roberta Cross,2013,4,,,,,,,,,
5/26/13 1:22 AM,16,Romaine lettuce,46, $15.00 , $690.00 , $14.00 , $644.00 , $46.00 ,23,Loraine Schultz,2013,5,,,,,,,,,
5/16/13 4:39 PM,16,Romaine lettuce,60, $15.00 , $900.00 , $14.00 , $840.00 , $60.00 ,95,Loraine Schultz,2013,5,,,,,,,,,
5/19/13 9:19 PM,16,Romaine lettuce,98, $15.00 ," $1,470.00 ", $14.00 ," $1,372.00 ", $98.00 ,233,Roberta Cross,2013,5,,,,,,,,,
5/6/13 6:08 AM,16,Romaine lettuce,18, $15.00 , $270.00 , $14.00 , $252.00 , $18.00 ,315,Loraine Schultz,2013,5,,,,,,,,,
5/8/13 8:46 PM,16,Romaine lettuce,88, $15.00 ," $1,320.00 ", $14.00 ," $1,232.00 ", $88.00 ,572,Loraine Schultz,2013,5,,,,,,,,,
5/23/13 3:04 AM,16,Romaine lettuce,2, $15.00 , $30.00 , $14.00 , $28.00 , $2.00 ,572,Loraine Schultz,2013,5,,,,,,,,,
5/10/13 2:14 PM,16,Romaine lettuce,98, $15.00 ," $1,470.00 ", $14.00 ," $1,372.00 ", $98.00 ,686,Loraine Schultz,2013,5,,,,,,,,,
5/5/13 5:09 PM,16,Romaine lettuce,84, $15.00 ," $1,260.00 ", $14.00 ," $1,176.00 ", $84.00 ,846,Loraine Schultz,2013,5,,,,,,,,,
6/15/13 6:44 AM,16,Romaine lettuce,37, $15.00 , $555.00 , $14.00 , $518.00 , $37.00 ,6,Loraine Schultz,2013,6,,,,,,,,,
6/11/13 4:36 AM,16,Romaine lettuce,10, $15.00 , $150.00 , $14.00 , $140.00 , $10.00 ,23,Loraine Schultz,2013,6,,,,,,,,,
6/8/13 3:04 AM,16,Romaine lettuce,53, $15.00 , $795.00 , $14.00 , $742.00 , $53.00 ,95,Loraine Schultz,2013,6,,,,,,,,,
6/21/13 9:59 PM,16,Romaine lettuce,81, $15.00 ," $1,215.00 ", $14.00 ," $1,134.00 ", $81.00 ,557,Loraine Schultz,2013,6,,,,,,,,,
6/17/13 5:16 AM,16,Romaine lettuce,58, $15.00 , $870.00 , $14.00 , $812.00 , $58.00 ,572,Loraine Schultz,2013,6,,,,,,,,,
7/13/13 7:38 AM,16,Romaine lettuce,37, $15.00 , $555.00 , $14.00 , $518.00 , $37.00 ,95,Loraine Schultz,2013,7,,,,,,,,,
7/31/13 4:50 AM,16,Romaine lettuce,27, $15.00 , $405.00 , $14.00 , $378.00 , $27.00 ,95,Loraine Schultz,2013,7,,,,,,,,,
7/26/13 8:36 PM,16,Romaine lettuce,47, $15.00 , $705.00 , $14.00 , $658.00 , $47.00 ,315,Loraine Schultz,2013,7,,,,,,,,,
7/2/13 7:31 AM,16,Romaine lettuce,3, $15.00 , $45.00 , $14.00 , $42.00 , $3.00 ,572,PJ Helgoth,2013,7,,,,,,,,,
7/14/13 10:11 PM,16,Romaine lettuce,5, $15.00 , $75.00 , $14.00 , $70.00 , $5.00 ,572,Loraine Schultz,2013,7,,,,,,,,,
7/4/13 3:52 AM,16,Romaine lettuce,65, $15.00 , $975.00 , $14.00 , $910.00 , $65.00 ,686,Roberta Cross,2013,7,,,,,,,,,
7/2/13 10:54 AM,16,Romaine lettuce,10, $15.00 , $150.00 , $14.00 , $140.00 , $10.00 ,846,Loraine Schultz,2013,7,,,,,,,,,
7/3/13 8:57 AM,16,Romaine lettuce,21, $15.00 , $315.00 , $14.00 , $294.00 , $21.00 ,846,Loraine Schultz,2013,7,,,,,,,,,
7/31/13 7:17 AM,16,Romaine lettuce,31, $15.00 , $465.00 , $14.00 , $434.00 , $31.00 ,846,Roberta Cross,2013,7,,,,,,,,,
8/4/13 4:46 PM,16,Romaine lettuce,40, $15.00 , $600.00 , $14.00 , $560.00 , $40.00 ,6,Roberta Cross,2013,8,,,,,,,,,
8/18/13 3:09 AM,16,Romaine lettuce,93, $15.00 ," $1,395.00 ", $14.00 ," $1,302.00 ", $93.00 ,6,Roberta Cross,2013,8,,,,,,,,,
8/16/13 4:16 PM,16,Romaine lettuce,64, $15.00 , $960.00 , $14.00 , $896.00 , $64.00 ,23,Roberta Cross,2013,8,,,,,,,,,
8/24/13 10:06 PM,16,Romaine lettuce,56, $15.00 , $840.00 , $14.00 , $784.00 , $56.00 ,233,Roberta Cross,2013,8,,,,,,,,,
8/10/13 7:55 AM,16,Romaine lettuce,6, $15.00 , $90.00 , $14.00 , $84.00 , $6.00 ,572,Roberta Cross,2013,8,,,,,,,,,
8/31/13 2:09 AM,16,Romaine lettuce,69, $15.00 ," $1,035.00 ", $14.00 , $966.00 , $69.00 ,572,Loraine Schultz,2013,8,,,,,,,,,
8/6/13 9:48 AM,16,Romaine lettuce,2, $15.00 , $30.00 , $14.00 , $28.00 , $2.00 ,686,Roberta Cross,2013,8,,,,,,,,,
8/4/13 10:25 AM,16,Romaine lettuce,45, $15.00 , $675.00 , $14.00 , $630.00 , $45.00 ,846,Loraine Schultz,2013,8,,,,,,,,,
8/9/13 8:04 AM,16,Romaine lettuce,35, $15.00 , $525.00 , $14.00 , $490.00 , $35.00 ,846,Loraine Schultz,2013,8,,,,,,,,,
8/23/13 8:57 PM,16,Romaine lettuce,35, $15.00 , $525.00 , $14.00 , $490.00 , $35.00 ,846,Roberta Cross,2013,8,,,,,,,,,
9/5/13 11:32 AM,16,Romaine lettuce,41, $15.00 , $615.00 , $14.00 , $574.00 , $41.00 ,6,Roberta Cross,2013,9,,,,,,,,,
9/12/13 5:46 PM,16,Romaine lettuce,8, $15.00 , $120.00 , $14.00 , $112.00 , $8.00 ,6,Roberta Cross,2013,9,,,,,,,,,
9/3/13 7:40 AM,16,Romaine lettuce,32, $15.00 , $480.00 , $14.00 , $448.00 , $32.00 ,23,Roberta Cross,2013,9,,,,,,,,,
9/23/13 1:36 PM,16,Romaine lettuce,64, $15.00 , $960.00 , $14.00 , $896.00 , $64.00 ,95,Loraine Schultz,2013,9,,,,,,,,,
9/21/13 8:23 AM,16,Romaine lettuce,24, $15.00 , $360.00 , $14.00 , $336.00 , $24.00 ,557,Loraine Schultz,2013,9,,,,,,,,,
9/30/13 10:57 AM,16,Romaine lettuce,46, $15.00 , $690.00 , $14.00 , $644.00 , $46.00 ,557,Loraine Schultz,2013,9,,,,,,,,,
10/8/13 3:03 AM,16,Romaine lettuce,5, $15.00 , $75.00 , $14.00 , $70.00 , $5.00 ,6,Loraine Schultz,2013,10,,,,,,,,,
10/6/13 6:31 AM,16,Romaine lettuce,91, $15.00 ," $1,365.00 ", $14.00 ," $1,274.00 ", $91.00 ,14,Loraine Schultz,2013,10,,,,,,,,,
10/17/13 12:32 AM,16,Romaine lettuce,92, $15.00 ," $1,380.00 ", $14.00 ," $1,288.00 ", $92.00 ,95,Loraine Schultz,2013,10,,,,,,,,,
10/28/13 1:09 PM,16,Romaine lettuce,1, $15.00 , $15.00 , $14.00 , $14.00 , $1.00 ,95,Loraine Schultz,2013,10,,,,,,,,,
10/13/13 5:28 PM,16,Romaine lettuce,90, $15.00 ," $1,350.00 ", $14.00 ," $1,260.00 ", $90.00 ,572,Loraine Schultz,2013,10,,,,,,,,,
10/29/13 12:46 PM,16,Romaine lettuce,87, $15.00 ," $1,305.00 ", $14.00 ," $1,218.00 ", $87.00 ,572,PJ Helgoth,2013,10,,,,,,,,,
10/29/13 6:56 PM,16,Romaine lettuce,66, $15.00 , $990.00 , $14.00 , $924.00 , $66.00 ,572,Loraine Schultz,2013,10,,,,,,,,,
10/4/13 7:34 PM,16,Romaine lettuce,36, $15.00 , $540.00 , $14.00 , $504.00 , $36.00 ,686,Roberta Cross,2013,10,,,,,,,,,
10/31/13 3:23 AM,16,Romaine lettuce,4, $15.00 , $60.00 , $14.00 , $56.00 , $4.00 ,686,Loraine Schultz,2013,10,,,,,,,,,
10/28/13 7:23 PM,16,Romaine lettuce,6, $15.00 , $90.00 , $14.00 , $84.00 , $6.00 ,846,PJ Helgoth,2013,10,,,,,,,,,
11/21/13 12:21 PM,16,Romaine lettuce,79, $15.00 ," $1,185.00 ", $14.00 ," $1,106.00 ", $79.00 ,6,Roberta Cross,2013,11,,,,,,,,,
11/6/13 10:09 AM,16,Romaine lettuce,44, $15.00 , $660.00 , $14.00 , $616.00 , $44.00 ,95,Roberta Cross,2013,11,,,,,,,,,
12/8/13 12:08 AM,16,Romaine lettuce,20, $15.00 , $300.00 , $14.00 , $280.00 , $20.00 ,14,Roberta Cross,2013,12,,,,,,,,,
12/19/13 7:46 PM,16,Romaine lettuce,45, $15.00 , $675.00 , $14.00 , $630.00 , $45.00 ,14,Loraine Schultz,2013,12,,,,,,,,,
12/6/13 9:19 PM,16,Romaine lettuce,51, $15.00 , $765.00 , $14.00 , $714.00 , $51.00 ,23,Roberta Cross,2013,12,,,,,,,,,
12/18/13 6:46 AM,16,Romaine lettuce,24, $15.00 , $360.00 , $14.00 , $336.00 , $24.00 ,23,Roberta Cross,2013,12,,,,,,,,,
12/17/13 2:42 PM,16,Romaine lettuce,25, $15.00 , $375.00 , $14.00 , $350.00 , $25.00 ,95,PJ Helgoth,2013,12,,,,,,,,,
12/31/13 1:37 PM,16,Romaine lettuce,72, $15.00 ," $1,080.00 ", $14.00 ," $1,008.00 ", $72.00 ,95,Loraine Schultz,2013,12,,,,,,,,,
12/16/13 12:15 AM,16,Romaine lettuce,90, $15.00 ," $1,350.00 ", $14.00 ," $1,260.00 ", $90.00 ,572,PJ Helgoth,2013,12,,,,,,,,,
12/30/13 2:36 PM,16,Romaine lettuce,8, $15.00 , $120.00 , $14.00 , $112.00 , $8.00 ,572,Loraine Schultz,2013,12,,,,,,,,,
12/26/13 5:22 PM,16,Romaine lettuce,31, $15.00 , $465.00 , $14.00 , $434.00 , $31.00 ,846,Loraine Schultz,2013,12,,,,,,,,,
12/28/13 12:16 AM,16,Romaine lettuce,1, $15.00 , $15.00 , $14.00 , $14.00 , $1.00 ,846,Loraine Schultz,2013,12,,,,,,,,,
4/20/13 1:33 AM,98,Sausage,36, $18.00 , $648.00 , $8.00 , $288.00 , $360.00 ,557,Loraine Schultz,2013,4,,,,,,,,,
5/11/13 3:52 AM,98,Sausage,52, $18.00 , $936.00 , $8.00 , $416.00 , $520.00 ,572,Loraine Schultz,2013,5,,,,,,,,,
5/24/13 7:04 AM,98,Sausage,43, $18.00 , $774.00 , $8.00 , $344.00 , $430.00 ,686,Roberta Cross,2013,5,,,,,,,,,
6/28/13 4:57 AM,98,Sausage,96, $18.00 ," $1,728.00 ", $8.00 , $768.00 , $960.00 ,23,Roberta Cross,2013,6,,,,,,,,,
6/16/13 5:23 AM,98,Sausage,44, $18.00 , $792.00 , $8.00 , $352.00 , $440.00 ,95,Loraine Schultz,2013,6,,,,,,,,,
7/18/13 11:04 PM,98,Sausage,27, $18.00 , $486.00 , $8.00 , $216.00 , $270.00 ,846,Loraine Schultz,2013,7,,,,,,,,,
9/18/13 1:55 AM,98,Sausage,98, $18.00 ," $1,764.00 ", $8.00 , $784.00 , $980.00 ,846,Loraine Schultz,2013,9,,,,,,,,,
10/2/13 1:09 AM,98,Sausage,60, $18.00 ," $1,080.00 ", $8.00 , $480.00 , $600.00 ,6,Roberta Cross,2013,10,,,,,,,,,
11/9/13 6:56 PM,98,Sausage,21, $18.00 , $378.00 , $8.00 , $168.00 , $210.00 ,14,Roberta Cross,2013,11,,,,,,,,,
11/12/13 8:56 PM,98,Sausage,13, $18.00 , $234.00 , $8.00 , $104.00 , $130.00 ,14,Roberta Cross,2013,11,,,,,,,,,
11/27/13 8:01 PM,98,Sausage,93, $18.00 ," $1,674.00 ", $8.00 , $744.00 , $930.00 ,572,Loraine Schultz,2013,11,,,,,,,,,
12/4/13 5:20 AM,98,Sausage,68, $18.00 ," $1,224.00 ", $8.00 , $544.00 , $680.00 ,95,Loraine Schultz,2013,12,,,,,,,,,
12/29/13 4:29 AM,98,Sausage,45, $18.00 , $810.00 , $8.00 , $360.00 , $450.00 ,233,Roberta Cross,2013,12,,,,,,,,,
4/19/14 7:51 PM,98,Sausage,74, $18.00 ," $1,332.00 ", $8.00 , $592.00 , $740.00 ,315,Loraine Schultz,2014,4,,,,,,,,,
5/23/14 9:33 PM,98,Sausage,78, $18.00 ," $1,404.00 ", $8.00 , $624.00 , $780.00 ,14,Roberta Cross,2014,5,,,,,,,,,
7/7/14 6:06 AM,98,Sausage,79, $18.00 ," $1,422.00 ", $8.00 , $632.00 , $790.00 ,6,Roberta Cross,2014,7,,,,,,,,,
8/21/14 11:47 AM,98,Sausage,97, $18.00 ," $1,746.00 ", $8.00 , $776.00 , $970.00 ,23,Roberta Cross,2014,8,,,,,,,,,
2/7/13 4:34 AM,6,Sun dried tomatoes,12, $55.00 , $660.00 , $25.00 , $300.00 , $360.00 ,6,Loraine Schultz,2013,2,,,,,,,,,
2/27/13 12:44 AM,6,Sun dried tomatoes,2, $55.00 , $110.00 , $25.00 , $50.00 , $60.00 ,6,Loraine Schultz,2013,2,,,,,,,,,
4/20/13 1:53 AM,6,Sun dried tomatoes,9, $55.00 , $495.00 , $25.00 , $225.00 , $270.00 ,686,Loraine Schultz,2013,4,,,,,,,,,
6/11/13 5:20 AM,6,Sun dried tomatoes,8, $55.00 , $440.00 , $25.00 , $200.00 , $240.00 ,6,Loraine Schultz,2013,6,,,,,,,,,
6/23/13 7:23 PM,6,Sun dried tomatoes,36, $55.00 ," $1,980.00 ", $25.00 , $900.00 ," $1,080.00 ",686,Loraine Schultz,2013,6,,,,,,,,,
9/4/13 12:48 AM,6,Sun dried tomatoes,1, $55.00 , $55.00 , $25.00 , $25.00 , $30.00 ,6,Loraine Schultz,2013,9,,,,,,,,,
10/15/13 9:50 AM,6,Sun dried tomatoes,52, $55.00 ," $2,860.00 ", $25.00 ," $1,300.00 "," $1,560.00 ",14,Loraine Schultz,2013,10,,,,,,,,,
10/25/13 12:53 PM,6,Sun dried tomatoes,41, $55.00 ," $2,255.00 ", $25.00 ," $1,025.00 "," $1,230.00 ",14,Loraine Schultz,2013,10,,,,,,,,,
12/25/13 1:03 PM,6,Sun dried tomatoes,49, $55.00 ," $2,695.00 ", $25.00 ," $1,225.00 "," $1,470.00 ",23,Loraine Schultz,2013,12,,,,,,,,,
1/29/13 9:14 AM,4,Tomatoes,40, $9.00 , $360.00 , $7.00 , $280.00 , $80.00 ,6,Roberta Cross,2013,1,,,,,,,,,
1/20/13 2:36 PM,4,Tomatoes,48, $9.00 , $432.00 , $7.00 , $336.00 , $96.00 ,23,Loraine Schultz,2013,1,,,,,,,,,
2/5/13 10:35 PM,4,Tomatoes,64, $9.00 , $576.00 , $7.00 , $448.00 , $128.00 ,6,Loraine Schultz,2013,2,,,,,,,,,
2/19/13 9:24 AM,4,Tomatoes,86, $9.00 , $774.00 , $7.00 , $602.00 , $172.00 ,14,Roberta Cross,2013,2,,,,,,,,,
2/28/13 7:04 PM,4,Tomatoes,2, $9.00 , $18.00 , $7.00 , $14.00 , $4.00 ,95,Loraine Schultz,2013,2,,,,,,,,,
2/11/13 4:04 AM,4,Tomatoes,70, $9.00 , $630.00 , $7.00 , $490.00 , $140.00 ,557,Roberta Cross,2013,2,,,,,,,,,
2/21/13 3:09 PM,4,Tomatoes,13, $9.00 , $117.00 , $7.00 , $91.00 , $26.00 ,572,Loraine Schultz,2013,2,,,,,,,,,
2/5/13 9:17 PM,4,Tomatoes,13, $9.00 , $117.00 , $7.00 , $91.00 , $26.00 ,686,Roberta Cross,2013,2,,,,,,,,,
2/18/13 5:07 AM,4,Tomatoes,49, $9.00 , $441.00 , $7.00 , $343.00 , $98.00 ,846,Loraine Schultz,2013,2,,,,,,,,,
2/22/13 1:33 PM,4,Tomatoes,84, $9.00 , $756.00 , $7.00 , $588.00 , $168.00 ,846,Loraine Schultz,2013,2,,,,,,,,,
2/28/13 10:31 PM,4,Tomatoes,59, $9.00 , $531.00 , $7.00 , $413.00 , $118.00 ,846,Loraine Schultz,2013,2,,,,,,,,,
3/11/13 5:56 PM,4,Tomatoes,53, $9.00 , $477.00 , $7.00 , $371.00 , $106.00 ,23,Loraine Schultz,2013,3,,,,,,,,,
3/4/13 11:13 PM,4,Tomatoes,17, $9.00 , $153.00 , $7.00 , $119.00 , $34.00 ,95,Loraine Schultz,2013,3,,,,,,,,,
3/23/13 3:12 AM,4,Tomatoes,93, $9.00 , $837.00 , $7.00 , $651.00 , $186.00 ,557,Loraine Schultz,2013,3,,,,,,,,,
3/1/13 4:08 PM,4,Tomatoes,37, $9.00 , $333.00 , $7.00 , $259.00 , $74.00 ,572,Roberta Cross,2013,3,,,,,,,,,
3/3/13 3:29 PM,4,Tomatoes,41, $9.00 , $369.00 , $7.00 , $287.00 , $82.00 ,572,Loraine Schultz,2013,3,,,,,,,,,
3/30/13 9:48 AM,4,Tomatoes,38, $9.00 , $342.00 , $7.00 , $266.00 , $76.00 ,686,Roberta Cross,2013,3,,,,,,,,,
3/8/13 8:26 AM,4,Tomatoes,16, $9.00 , $144.00 , $7.00 , $112.00 , $32.00 ,846,Roberta Cross,2013,3,,,,,,,,,
3/17/13 10:15 PM,4,Tomatoes,87, $9.00 , $783.00 , $7.00 , $609.00 , $174.00 ,846,Loraine Schultz,2013,3,,,,,,,,,
4/10/13 12:14 AM,4,Tomatoes,55, $9.00 , $495.00 , $7.00 , $385.00 , $110.00 ,6,Loraine Schultz,2013,4,,,,,,,,,
4/26/13 8:32 PM,4,Tomatoes,86, $9.00 , $774.00 , $7.00 , $602.00 , $172.00 ,6,Roberta Cross,2013,4,,,,,,,,,
4/13/13 9:06 PM,4,Tomatoes,84, $9.00 , $756.00 , $7.00 , $588.00 , $168.00 ,14,Loraine Schultz,2013,4,,,,,,,,,
4/27/13 12:48 PM,4,Tomatoes,19, $9.00 , $171.00 , $7.00 , $133.00 , $38.00 ,14,Loraine Schultz,2013,4,,,,,,,,,
4/2/13 1:12 AM,4,Tomatoes,69, $9.00 , $621.00 , $7.00 , $483.00 , $138.00 ,95,Loraine Schultz,2013,4,,,,,,,,,
4/28/13 2:51 PM,4,Tomatoes,82, $9.00 , $738.00 , $7.00 , $574.00 , $164.00 ,233,Loraine Schultz,2013,4,,,,,,,,,
4/3/13 12:01 PM,4,Tomatoes,36, $9.00 , $324.00 , $7.00 , $252.00 , $72.00 ,315,Loraine Schultz,2013,4,,,,,,,,,
5/6/13 7:37 PM,4,Tomatoes,10, $9.00 , $90.00 , $7.00 , $70.00 , $20.00 ,14,Loraine Schultz,2013,5,,,,,,,,,
5/29/13 4:56 AM,4,Tomatoes,5, $9.00 , $45.00 , $7.00 , $35.00 , $10.00 ,14,Roberta Cross,2013,5,,,,,,,,,
5/4/13 9:18 PM,4,Tomatoes,25, $9.00 , $225.00 , $7.00 , $175.00 , $50.00 ,23,Loraine Schultz,2013,5,,,,,,,,,
5/15/13 9:48 AM,4,Tomatoes,30, $9.00 , $270.00 , $7.00 , $210.00 , $60.00 ,23,Loraine Schultz,2013,5,,,,,,,,,
5/30/13 7:16 PM,4,Tomatoes,56, $9.00 , $504.00 , $7.00 , $392.00 , $112.00 ,23,Loraine Schultz,2013,5,,,,,,,,,
5/1/13 10:11 AM,4,Tomatoes,62, $9.00 , $558.00 , $7.00 , $434.00 , $124.00 ,846,Loraine Schultz,2013,5,,,,,,,,,
6/20/13 2:02 AM,4,Tomatoes,99, $9.00 , $891.00 , $7.00 , $693.00 , $198.00 ,14,Loraine Schultz,2013,6,,,,,,,,,
6/28/13 2:57 AM,4,Tomatoes,49, $9.00 , $441.00 , $7.00 , $343.00 , $98.00 ,14,Loraine Schultz,2013,6,,,,,,,,,
6/1/13 6:57 AM,4,Tomatoes,54, $9.00 , $486.00 , $7.00 , $378.00 , $108.00 ,23,Roberta Cross,2013,6,,,,,,,,,
6/21/13 6:52 AM,4,Tomatoes,83, $9.00 , $747.00 , $7.00 , $581.00 , $166.00 ,23,Roberta Cross,2013,6,,,,,,,,,
6/25/13 11:45 PM,4,Tomatoes,94, $9.00 , $846.00 , $7.00 , $658.00 , $188.00 ,95,Roberta Cross,2013,6,,,,,,,,,
6/12/13 5:37 AM,4,Tomatoes,45, $9.00 , $405.00 , $7.00 , $315.00 , $90.00 ,315,Loraine Schultz,2013,6,,,,,,,,,
6/23/13 2:39 PM,4,Tomatoes,91, $9.00 , $819.00 , $7.00 , $637.00 , $182.00 ,557,Roberta Cross,2013,6,,,,,,,,,
6/17/13 5:54 PM,4,Tomatoes,7, $9.00 , $63.00 , $7.00 , $49.00 , $14.00 ,686,Loraine Schultz,2013,6,,,,,,,,,
6/10/13 4:52 PM,4,Tomatoes,48, $9.00 , $432.00 , $7.00 , $336.00 , $96.00 ,846,Roberta Cross,2013,6,,,,,,,,,
7/24/13 5:26 AM,4,Tomatoes,61, $9.00 , $549.00 , $7.00 , $427.00 , $122.00 ,6,Loraine Schultz,2013,7,,,,,,,,,
7/21/13 11:43 AM,4,Tomatoes,80, $9.00 , $720.00 , $7.00 , $560.00 , $160.00 ,23,Loraine Schultz,2013,7,,,,,,,,,
7/26/13 10:02 AM,4,Tomatoes,93, $9.00 , $837.00 , $7.00 , $651.00 , $186.00 ,95,Loraine Schultz,2013,7,,,,,,,,,
7/27/13 1:21 AM,4,Tomatoes,77, $9.00 , $693.00 , $7.00 , $539.00 , $154.00 ,557,Loraine Schultz,2013,7,,,,,,,,,
7/28/13 10:01 PM,4,Tomatoes,76, $9.00 , $684.00 , $7.00 , $532.00 , $152.00 ,572,Loraine Schultz,2013,7,,,,,,,,,
8/5/13 7:11 PM,4,Tomatoes,25, $9.00 , $225.00 , $7.00 , $175.00 , $50.00 ,6,Loraine Schultz,2013,8,,,,,,,,,
8/5/13 9:53 PM,4,Tomatoes,39, $9.00 , $351.00 , $7.00 , $273.00 , $78.00 ,6,Loraine Schultz,2013,8,,,,,,,,,
8/29/13 10:24 AM,4,Tomatoes,76, $9.00 , $684.00 , $7.00 , $532.00 , $152.00 ,6,Roberta Cross,2013,8,,,,,,,,,
8/31/13 4:09 PM,4,Tomatoes,77, $9.00 , $693.00 , $7.00 , $539.00 , $154.00 ,6,Loraine Schultz,2013,8,,,,,,,,,
8/23/13 7:14 PM,4,Tomatoes,36, $9.00 , $324.00 , $7.00 , $252.00 , $72.00 ,23,Loraine Schultz,2013,8,,,,,,,,,
8/18/13 5:43 AM,4,Tomatoes,67, $9.00 , $603.00 , $7.00 , $469.00 , $134.00 ,233,Loraine Schultz,2013,8,,,,,,,,,
8/20/13 8:41 PM,4,Tomatoes,72, $9.00 , $648.00 , $7.00 , $504.00 , $144.00 ,686,Loraine Schultz,2013,8,,,,,,,,,
8/25/13 12:54 AM,4,Tomatoes,9, $9.00 , $81.00 , $7.00 , $63.00 , $18.00 ,686,Roberta Cross,2013,8,,,,,,,,,
9/7/13 3:24 PM,4,Tomatoes,20, $9.00 , $180.00 , $7.00 , $140.00 , $40.00 ,6,Roberta Cross,2013,9,,,,,,,,,
9/3/13 10:17 PM,4,Tomatoes,39, $9.00 , $351.00 , $7.00 , $273.00 , $78.00 ,14,Loraine Schultz,2013,9,,,,,,,,,
9/18/13 12:57 AM,4,Tomatoes,70, $9.00 , $630.00 , $7.00 , $490.00 , $140.00 ,23,Roberta Cross,2013,9,,,,,,,,,
9/9/13 8:07 PM,4,Tomatoes,19, $9.00 , $171.00 , $7.00 , $133.00 , $38.00 ,572,Loraine Schultz,2013,9,,,,,,,,,
9/5/13 1:43 PM,4,Tomatoes,33, $9.00 , $297.00 , $7.00 , $231.00 , $66.00 ,686,Loraine Schultz,2013,9,,,,,,,,,
10/27/13 3:35 PM,4,Tomatoes,83, $9.00 , $747.00 , $7.00 , $581.00 , $166.00 ,233,Loraine Schultz,2013,10,,,,,,,,,
11/22/13 6:44 AM,4,Tomatoes,39, $9.00 , $351.00 , $7.00 , $273.00 , $78.00 ,6,Roberta Cross,2013,11,,,,,,,,,
12/13/13 10:24 PM,4,Tomatoes,81, $9.00 , $729.00 , $7.00 , $567.00 , $162.00 ,6,Loraine Schultz,2013,12,,,,,,,,,
12/30/13 4:07 AM,4,Tomatoes,68, $9.00 , $612.00 , $7.00 , $476.00 , $136.00 ,6,Roberta Cross,2013,12,,,,,,,,,
12/18/13 2:56 PM,4,Tomatoes,51, $9.00 , $459.00 , $7.00 , $357.00 , $102.00 ,14,Loraine Schultz,2013,12,,,,,,,,,
12/3/13 10:48 PM,4,Tomatoes,24, $9.00 , $216.00 , $7.00 , $168.00 , $48.00 ,557,Loraine Schultz,2013,12,,,,,,,,,
12/28/13 4:49 AM,4,Tomatoes,84, $9.00 , $756.00 , $7.00 , $588.00 , $168.00 ,686,Loraine Schultz,2013,12,,,,,,,,,
12/4/13 12:21 AM,4,Tomatoes,38, $9.00 , $342.00 , $7.00 , $266.00 , $76.00 ,846,Loraine Schultz,2013,12,,,,,,,,,
1/12/14 10:23 AM,4,Tomatoes,76, $9.00 , $684.00 , $7.00 , $532.00 , $152.00 ,14,Loraine Schultz,2014,1,,,,,,,,,
1/16/14 12:00 AM,4,Tomatoes,76, $9.00 , $684.00 , $7.00 , $532.00 , $152.00 ,14,Loraine Schultz,2014,1,,,,,,,,,
1/20/14 12:00 AM,4,Tomatoes,76, $9.00 , $684.00 , $7.00 , $532.00 , $152.00 ,14,Loraine Schultz,2014,1,,,,,,,,,
3/19/14 5:33 AM,4,Tomatoes,59, $9.00 , $531.00 , $7.00 , $413.00 , $118.00 ,686,Roberta Cross,2014,3,,,,,,,,,
9/20/14 12:00 AM,4,Tomatoes,7, $9.00 , $63.00 , $7.00 , $49.00 , $14.00 ,6,Loraine Schultz,2014,9,,,,,,,,,
9/23/14 12:00 AM,4,Tomatoes,78, $9.00 , $702.00 , $7.00 , $546.00 , $156.00 ,14,Roberta Cross,2014,9,,,,,,,,,
9/21/14 12:00 AM,4,Tomatoes,77, $9.00 , $693.00 , $7.00 , $539.00 , $154.00 ,572,Roberta Cross,2014,9,,,,,,,,,
9/22/14 12:00 AM,4,Tomatoes,37, $9.00 , $333.00 , $7.00 , $259.00 , $74.00 ,572,Roberta Cross,2014,9,,,,,,,,,
10/5/14 12:11 PM,4,Tomatoes,75, $9.00 , $675.00 , $7.00 , $525.00 , $150.00 ,6,Loraine Schultz,2014,10,,,,,,,,,
10/6/14 12:00 AM,4,Tomatoes,74, $9.00 , $666.00 , $7.00 , $518.00 , $148.00 ,23,Loraine Schultz,2014,10,,,,,,,,,
10/8/14 12:00 AM,4,Tomatoes,57, $9.00 , $513.00 , $7.00 , $399.00 , $114.00 ,572,Loraine Schultz,2014,10,,,,,,,,,
10/9/14 12:00 AM,4,Tomatoes,67, $9.00 , $603.00 , $7.00 , $469.00 , $134.00 ,572,Loraine Schultz,2014,10,,,,,,,,,
10/7/14 12:00 AM,4,Tomatoes,37, $9.00 , $333.00 , $7.00 , $259.00 , $74.00 ,846,Loraine Schultz,2014,10,,,,,,,,,
11/5/14 12:00 AM,4,Tomatoes,56, $9.00 , $504.00 , $7.00 , $392.00 , $112.00 ,23,Loraine Schultz,2014,11,,,,,,,,,
11/4/14 8:10 AM,4,Tomatoes,63, $9.00 , $567.00 , $7.00 , $441.00 , $126.00 ,95,Loraine Schultz,2014,11,,,,,,,,,
12/6/14 12:00 AM,4,Tomatoes,54, $9.00 , $486.00 , $7.00 , $378.00 , $108.00 ,95,Loraine Schultz,2014,12,,,,,,,,,
